@Booklet{Gil:02,
  author       = {Joseph (Yossi) Gil},
  TITLE        = {{\LaTeXe} for Graduate Students},
  year         = {2002},
  howpublished = {manuscript},
  address      = {Haifa, Israel},
}

@inproceedings{Mei:2008:QSU:1458082.1458145,
 author = {Mei, Qiaozhu and Zhou, Dengyong and Church, Kenneth},
 title = {Query Suggestion Using Hitting Time},
 booktitle = {Proceedings of the 17th ACM Conference on Information and Knowledge Management},
 series = {CIKM '08},
 year = {2008},
 isbn = {978-1-59593-991-3},
 location = {Napa Valley, California, USA},
 pages = {469--478},
 numpages = {10},
 url = {http://doi.acm.org/10.1145/1458082.1458145},
 doi = {10.1145/1458082.1458145},
 acmid = {1458145},
 publisher = {ACM},
 address = {New York, NY, USA},
 keywords = {bipartite graph, hitting time, personalized query suggestion, query suggestion},
}

@inproceedings{Cucerzan:2007:QSB:1277741.1277953,
 author = {Cucerzan, Silviu and White, Ryen W.},
 title = {Query Suggestion Based on User Landing Pages},
 booktitle = {Proceedings of the 30th Annual International ACM SIGIR Conference on Research and Development in Information Retrieval},
 series = {SIGIR '07},
 year = {2007},
 isbn = {978-1-59593-597-7},
 location = {Amsterdam, The Netherlands},
 pages = {875--876},
 numpages = {2},
 url = {http://doi.acm.org/10.1145/1277741.1277953},
 doi = {10.1145/1277741.1277953},
 acmid = {1277953},
 publisher = {ACM},
 address = {New York, NY, USA},
 keywords = {landing pages, query log analysis, search engine, search sessions},
} 