@Booklet{Gil:02,
  author       = {Joseph (Yossi) Gil},
  TITLE        = {{\LaTeXe} for Graduate Students},
  year         = {2002},
  howpublished = {manuscript},
  address      = {Haifa, Israel},
}

@misc{ SOLR,
      author = "Apache Lucene",
      title = "Apache Solr",
      url = "https://lucene.apache.org/solr/",
      year = "2014",
      month = "May"
}

@misc{ SPELLCHECK,
      author = "rndblog",
      title = "Solr spellcheck compound from several fields",
      url = "http://www.rndblog.com/solr-spellcheck-compound-from-several-fields/",
      year = "2014",
      month = "May"
}

@misc{ SOLR::USAGE,
      author = "Solr Wiki",
      title = "Public Websites using Solr",
      url = "http://wiki.apache.org/solr/PublicServers",
      year = "2014",
      month = "May"
}

@misc{ SUGGESTER,
      author = "Solr Wiki",
      title = "Suggester - a flexible 'autocomplete' component",
      url = "http://wiki.apache.org/solr/Suggester",
      year = "2014",
      month = "May"
}

@misc{ RANKINGS,
      author = "DB-engines",
      title = "DB-engines Ranking of Search Engines",
      url = "http://db-engines.com/en/ranking/search+engine",
      year = "2014",
      month = "May"
}

@misc{ GOOG,
      author = "Google Inc.",
      title = "Google",
      url = "https://www.google.se/",
      year = "2014",
      month = "May"
}

@misc{ BING,
      author = "Microsoft",
      title = "Bing",
      url = "htp://www.bing.com",
      year = "2014",
      month = "May"
}

@misc{ ECLIPSE,
      author = "Eclipse",
      title = "Eclipse IDE",
      url = "https://www.eclipse.org/",
      year = "2014",
      month = "May"
}

@misc{ SUBLIME,
      author = "Sublime Text",
      title = "Sublime text Editor",
      url = "http://www.sublimetext.com/",
      year = "2014",
      month = "May"
}

@misc{ DELEGATE,
      author = "Rosettacode",
      title = "Delegates",
      url = "http://rosettacode.org/wiki/Delegate",
      year = "2014",
      month = "May"
}

@misc{ QUERY,
      author = "Apache Lucene",
      title = "Query Parser Syntax",
      url = "http://lucene.apache.org/core/2_9_4/queryparsersyntax.html",
      year = "2014",
      month = "May"
}

@misc{ FIELDTYPE,
      author = "Lucene Solr mailing list",
      title = "SpellCheckComponent: queryAnalyzerFieldType",
      url = "http://mail-archives.apache.org/mod_mbox/lucene-solr-user/200906.mbox/%3C4A27D1FF.1070502@as-guides.com%3E",
      year = "2014",
      month = "May"
}

